@Article{slicing,
    title = {{A New Rock Slicing Method Based on Linear Programming}},
    author = {C.W. Boon and G.T. Houlsby and S. Utili},
    journal = {Computers and Geotechnics},
    volume = {65},
    pages = {12--29},
    publisher = {Elsevier},
    year = {2015}
}

@article{collision,
    title = {{A New Algorithm for Contact Detection Detween Convex Polygonal and Polyhedral Particles in the Discrete Element Method}},
    author = {C.W. Boon and G.T. Houlsby and S. Utili},
    journal = {Computers and Geotechnics},
    volume = {44},
    pages = {73--82},
    year = {2012},
    publisher = {Elsevier}
}

@inproceedings{zaharia2012resilient,
    title = {{Resilient Distributed Datasets: A Fault-Tolerant Abstraction for In-Memory wluster Computing}},
    author = {Zaharia, Matei and Chowdhury, Mosharaf and Das, Tathagata and Dave, Ankur and Ma, Justin and McCauley, Murphy and Franklin, Michael J and Shenker, Scott and Stoica, Ion},
    booktitle = {{Proceedings of the 9th USENIX conference on Networked Systems Design and Implementation}},
    year = {2012},
    organization={USENIX Association}
}
