% This file was created with JabRef 2.10b2.
% Encoding: UTF-8


@Article{Slicing,
  Title                    = {A new rock slicing method based on linear programming},
  Author                   = {C.W. Boon and G.T. Houlsby and S. Utili},
  Journal                  = {Computers \& Geotechnics},
  Year                     = {2015},

  Owner                    = {administrator},
  Timestamp                = {2015.04.06}
}

@Article{Collision,
  Title                    = {A new algorithm for contact detection between convex polygonal and polyhedral particles in the discrete element method},
  Author                   = {C.W. Boon and G.T. Houlsby and S. Utili},
  Journal                  = {Computers \& Geotechnics},
  Year                     = {2012},

  Owner                    = {administrator},
  Timestamp                = {2015.04.06}
}

